@mastersthesis{carvalho-coq,
  author       = {Alexandra Carvalho}, 
  title        = {Category Theory in Coq},
  school       = {Instituto Superior TÃ©cnico},
  year         = 1998,
  month        = 5,
}

@INPROCEEDINGS{Kock89postulatedcolimits,
    author = {Anders Kock},
    title = {Postulated colimits and left exactness of Kan extensions},
    booktitle = {Matematisk Institut, Aarhus Universitet, Preprint Series},
    year = {1989}
}
@article {MR2925871,
    AUTHOR = {Marmolejo, Francisco and Rosebrugh, Robert and Wood, R. J.},
     TITLE = {Completely and totally distributive categories {I}},
   JOURNAL = {J. Pure Appl. Algebra},
  FJOURNAL = {Journal of Pure and Applied Algebra},
    VOLUME = {216},
      YEAR = {2012},
    NUMBER = {8-9},
     PAGES = {1775--1790},
      ISSN = {0022-4049},
   MRCLASS = {18A30},
  MRNUMBER = {2925871},
MRREVIEWER = {R. H. Street},
       URL = {https://doi.org/10.1016/j.jpaa.2012.02.017},
}
@article {MR1472221,
    AUTHOR = {Koslowski, J\"urgen},
     TITLE = {Monads and interpolads in bicategories},
   JOURNAL = {Theory Appl. Categ.},
  FJOURNAL = {Theory and Applications of Categories},
    VOLUME = {3},
      YEAR = {1997},
     PAGES = {No.\ 8, 182--212},
      ISSN = {1201-561X},
   MRCLASS = {18D05 (18C15)},
  MRNUMBER = {1472221},
}
@misc{math/0502075,
Author = {Anders Kock},
Title = {Pregroupoids and their enveloping groupoids},
Year = {2005},
Eprint = {arXiv:math/0502075},
}

@book {MR1202431,
    AUTHOR = {Kol\'a\v r, Ivan and Michor, Peter W. and Slov\'ak, Jan},
     TITLE = {Natural operations in differential geometry},
 PUBLISHER = {Springer-Verlag, Berlin},
      YEAR = {1993},
     PAGES = {vi+434},
      ISBN = {3-540-56235-4},
   MRCLASS = {58A20 (53A55 53B05 53C05)},
  MRNUMBER = {1202431},
MRREVIEWER = {Jaime Mu\~noz Masqu\'e},
       DOI = {10.1007/978-3-662-02950-3},
       URL = {http://dx.doi.org/10.1007/978-3-662-02950-3},
}

@misc{1606.08379,
Author = {J. R. B. Cockett and G. S. H. Cruttwell},
Title = {Differential bundles and fibrations for tangent categories},
Year = {2016},
Eprint = {arXiv:1606.08379},
}

@article {MR3192082,
    AUTHOR = {Cockett, J. R. B. and Cruttwell, G. S. H.},
     TITLE = {Differential structure, tangent structure, and {SDG}},
   JOURNAL = {Appl. Categ. Structures},
  FJOURNAL = {Applied Categorical Structures. A Journal Devoted to
              Applications of Categorical Methods in Algebra, Analysis,
              Order, Topology and Computer Science},
    VOLUME = {22},
      YEAR = {2014},
    NUMBER = {2},
     PAGES = {331--417},
      ISSN = {0927-2852},
   MRCLASS = {18F15 (18B30)},
  MRNUMBER = {3192082},
MRREVIEWER = {I. Kol\'a\v r},
       DOI = {10.1007/s10485-013-9312-0},
       URL = {http://dx.doi.org/10.1007/s10485-013-9312-0},
}

@article {MR3165644,
    AUTHOR = {Fernandes, Rui Loja and Struchiner, Ivan},
     TITLE = {The classifying {L}ie algebroid of a geometric structure {I}:
              {C}lasses of coframes},
   JOURNAL = {Trans. Amer. Math. Soc.},
  FJOURNAL = {Transactions of the American Mathematical Society},
    VOLUME = {366},
      YEAR = {2014},
    NUMBER = {5},
     PAGES = {2419--2462},
      ISSN = {0002-9947},
   MRCLASS = {53C10 (53A55 58D27 58H05)},
  MRNUMBER = {3165644},
MRREVIEWER = {Constantin M. Arcu\c s},
       DOI = {10.1090/S0002-9947-2014-05973-4},
       URL = {http://dx.doi.org/10.1090/S0002-9947-2014-05973-4},
}

@article {MR1988396,
    AUTHOR = {Grandis, Marco and Mauri, Luca},
     TITLE = {Cubical sets and their site},
   JOURNAL = {Theory Appl. Categ.},
  FJOURNAL = {Theory and Applications of Categories},
    VOLUME = {11},
      YEAR = {2003},
     PAGES = {No. 8, 185--211},
      ISSN = {1201-561X},
   MRCLASS = {18G30 (18C10 18D10 55U10)},
  MRNUMBER = {1988396},
}
@book {MR2398446,
    AUTHOR = {Bell, John L.},
     TITLE = {A primer of infinitesimal analysis},
   EDITION = {Second},
 PUBLISHER = {Cambridge University Press, Cambridge},
      YEAR = {2008},
     PAGES = {xii+124},
      ISBN = {978-0-521-88718-2; 0-521-88718-6},
   MRCLASS = {03H05 (03F55 26E35)},
  MRNUMBER = {2398446},
       DOI = {10.1017/CBO9780511619625},
       URL = {http://dx.doi.org/10.1017/CBO9780511619625},
}

@article {MR623133,
    AUTHOR = {Dubuc, Eduardo J.},
     TITLE = {{$C\sp{\infty }$}-schemes},
   JOURNAL = {Amer. J. Math.},
  FJOURNAL = {American Journal of Mathematics},
    VOLUME = {103},
      YEAR = {1981},
    NUMBER = {4},
     PAGES = {683--690},
      ISSN = {0002-9327},
   MRCLASS = {58A99 (14A99 18B25 51K10)},
  MRNUMBER = {623133},
MRREVIEWER = {Ng\~A' Van Qu\~A${}^{\underline{\rm a}}$},
       DOI = {10.2307/2374046},
       URL = {http://dx.doi.org/10.2307/2374046},
}

@book {MR1300636,
    AUTHOR = {Mac Lane, Saunders and Moerdijk, Ieke},
     TITLE = {Sheaves in geometry and logic},
    SERIES = {Universitext},
      NOTE = {A first introduction to topos theory,
              Corrected reprint of the 1992 edition},
 PUBLISHER = {Springer-Verlag, New York},
      YEAR = {1994},
     PAGES = {xii+629},
      ISBN = {0-387-97710-4},
   MRCLASS = {03G30 (18B25 54B40)},
  MRNUMBER = {1300636},
MRREVIEWER = {M. Makkai},
}

@article {MR778785,
    AUTHOR = {Almeida, Rui and Molino, Pierre},
     TITLE = {Suites d'{A}tiyah et feuilletages transversalement complets},
   JOURNAL = {C. R. Acad. Sci. Paris S\'er. I Math.},
  FJOURNAL = {Comptes Rendus des S\'eances de l'Acad\'emie des Sciences.
              S\'erie I. Math\'ematique},
    VOLUME = {300},
      YEAR = {1985},
    NUMBER = {1},
     PAGES = {13--15},
      ISSN = {0249-6291},
     CODEN = {CASMEI},
   MRCLASS = {57R30 (57R22 58H10)},
  MRNUMBER = {778785},
MRREVIEWER = {Jean Pradines},
}

@book {MR2157566,
    AUTHOR = {Mackenzie, Kirill C. H.},
     TITLE = {General theory of {L}ie groupoids and {L}ie algebroids},
    SERIES = {London Mathematical Society Lecture Note Series},
    VOLUME = {213},
 PUBLISHER = {Cambridge University Press, Cambridge},
      YEAR = {2005},
     PAGES = {xxxviii+501},
      ISBN = {978-0-521-49928-3; 0-521-49928-3},
   MRCLASS = {58H05 (53D17)},
  MRNUMBER = {2157566},
MRREVIEWER = {Rui Loja Fernandes},
       DOI = {10.1017/CBO9781107325883},
       URL = {http://dx.doi.org/10.1017/CBO9781107325883},
}

@article {MR0197622,
    AUTHOR = {Douady, Adrien and Lazard, Michel},
     TITLE = {Espaces fibr\'es en alg\`ebres de {L}ie et en groupes},
   JOURNAL = {Invent. Math.},
  FJOURNAL = {Inventiones Mathematicae},
    VOLUME = {1},
      YEAR = {1966},
     PAGES = {133--151},
      ISSN = {0020-9910},
   MRCLASS = {22.80 (22.50)},
  MRNUMBER = {0197622},
MRREVIEWER = {W. T. van Est},
}

@article{delHoyo2015,
author={Matias del Hoyo and Rui Loja Fernandes},
title={Riemannian metrics on Lie groupoids},
year={2015},
volume={0},
journal={Journal f{\"u}r die reine und angewandte Mathematik},
}

@book {Michor2008,
    AUTHOR = {Michor, Peter W.},
     TITLE = {Topics in differential geometry},
    SERIES = {Graduate Studies in Mathematics},
    VOLUME = {93},
 PUBLISHER = {American Mathematical Society, Providence, RI},
      YEAR = {2008},
     PAGES = {xii+494},
      ISBN = {978-0-8218-2003-2},
   MRCLASS = {53-02 (53C05 53D05 53D17 53D20)},
  MRNUMBER = {2428390},
MRREVIEWER = {Richard H. Escobales, Jr.},
       DOI = {10.1090/gsm/093},
       URL = {http://dx.doi.org/10.1090/gsm/093},
}

@phdthesis{BurkeThesis,
author = {Matthew Burke},
title = {Synthetic Lie Theory},
school = {Macquarie University, Sydney},
year = 2015,
month =5,
note = {http://hdl.handle.net/1959.14/1068209},
}

@misc {Johnstone2014,
    AUTHOR = {P. T. Johnstone},
    TITLE = {Sketches of an elephant: A topos theory compendium.},
    VOLUME = {3},
    NOTES = {To appear.}
}
@article {MR557083,
    AUTHOR = {Dubuc, Eduardo J.},
     TITLE = {Sur les mod\`eles de la g\'eom\'etrie diff\'erentielle
              synth\'etique},
   JOURNAL = {Cahiers Topologie G\'eom. Diff\'erentielle},
  FJOURNAL = {Cahiers de Topologie et G\'eom\'etrie Diff\'erentielle},
    VOLUME = {20},
      YEAR = {1979},
    NUMBER = {3},
     PAGES = {231--279},
      ISSN = {0008-0004},
     CODEN = {CTGDBR},
   MRCLASS = {58A05 (18F15)},
  MRNUMBER = {557083},
MRREVIEWER = {Peter Michor},
}
@book {MR2179691,
    AUTHOR = {Serre, Jean-Pierre},
     TITLE = {Lie algebras and {L}ie groups},
    SERIES = {Lecture Notes in Mathematics},
    VOLUME = {1500},
      NOTE = {1964 lectures given at Harvard University,
              Corrected fifth printing of the second (1992) edition},
 PUBLISHER = {Springer-Verlag, Berlin},
      YEAR = {2006},
     PAGES = {viii+168},
      ISBN = {978-3-540-55008-2; 3-540-55008-9},
   MRCLASS = {17-01 (22-01)},
  MRNUMBER = {2179691},
}
@book {MR506881,
    AUTHOR = {Hazewinkel, Michiel},
     TITLE = {Formal groups and applications},
    SERIES = {Pure and Applied Mathematics},
    VOLUME = {78},
 PUBLISHER = {Academic Press, Inc. [Harcourt Brace Jovanovich, Publishers],
              New York-London},
      YEAR = {1978},
     PAGES = {xxii+573pp},
      ISBN = {0-12-335150-2},
   MRCLASS = {14L05 (10D30 12B25 55N22)},
  MRNUMBER = {506881},
MRREVIEWER = {Robert A. Morris},
}
@book {MR1083355,
    AUTHOR = {Moerdijk, Ieke and Reyes, Gonzalo E.},
     TITLE = {Models for smooth infinitesimal analysis},
 PUBLISHER = {Springer-Verlag, New York},
      YEAR = {1991},
     PAGES = {x+399},
      ISBN = {0-387-97489-X},
   MRCLASS = {18F99 (03H05 18B25 51K10)},
  MRNUMBER = {1083355},
MRREVIEWER = {Kimmo I. Rosenthal},
       DOI = {10.1007/978-1-4757-4143-8},
       URL = {http://dx.doi.org/10.1007/978-1-4757-4143-8},
}
@article {MR589937,
    AUTHOR = {Kelly, G. M.},
     TITLE = {A unified treatment of transfinite constructions for free
              algebras, free monoids, colimits, associated sheaves, and so
              on},
   JOURNAL = {Bull. Austral. Math. Soc.},
  FJOURNAL = {Bulletin of the Australian Mathematical Society},
    VOLUME = {22},
      YEAR = {1980},
    NUMBER = {1},
     PAGES = {1--83},
      ISSN = {0004-9727},
     CODEN = {ALNBAB},
   MRCLASS = {18C15 (18A40)},
  MRNUMBER = {589937},
MRREVIEWER = {V{\'a}clav Koubek},
       DOI = {10.1017/S0004972700006353},
       URL = {http://dx.doi.org/10.1017/S0004972700006353},
}
@article{burke-jet-part,
    AUTHOR = {Matthew Burke},
    TITLE = {The Jet Part of a Category},
    JOURNAL = {Work in Progress},
    YEAR = {2016},
}
@misc{burke-relative-to-local-models,
    AUTHOR = {Matthew Burke},
    TITLE = {A Synthetic Version of Lie's Second Theorem},
    YEAR = {2016},
    note = {http://arxiv.org/abs/1605.06378},
}
@article {MR2197411,
    AUTHOR = {Tseng, Hsian-Hua and Zhu, Chenchang},
     TITLE = {Integrating {L}ie algebroids via stacks},
   JOURNAL = {Compos. Math.},
  FJOURNAL = {Compositio Mathematica},
    VOLUME = {142},
      YEAR = {2006},
    NUMBER = {1},
     PAGES = {251--270},
      ISSN = {0010-437X},
   MRCLASS = {58H05 (14A20)},
  MRNUMBER = {2197411},
MRREVIEWER = {Iakovos Androulidakis},
       DOI = {10.1112/S0010437X05001752},
       URL = {http://dx.doi.org/10.1112/S0010437X05001752},
}
@book {MR1385464,
    AUTHOR = {Lavendhomme, Ren{\'e}},
     TITLE = {Basic concepts of synthetic differential geometry},
    SERIES = {Kluwer Texts in the Mathematical Sciences},
    VOLUME = {13},
      NOTE = {Translated from the 1987 French original,
              Revised by the author},
 PUBLISHER = {Kluwer Academic Publishers Group, Dordrecht},
      YEAR = {1996},
     PAGES = {xvi+320},
      ISBN = {0-7923-3941-X},
   MRCLASS = {58A03 (51K10 53-01)},
  MRNUMBER = {1385464},
MRREVIEWER = {Maria H. Papatriantafillou},
       DOI = {10.1007/978-1-4757-4588-7},
       URL = {http://dx.doi.org/10.1007/978-1-4757-4588-7},
}
@article {MR1973056,
    AUTHOR = {Crainic, Marius and Fernandes, Rui Loja},
     TITLE = {Integrability of {L}ie brackets},
   JOURNAL = {Ann. of Math. (2)},
  FJOURNAL = {Annals of Mathematics. Second Series},
    VOLUME = {157},
      YEAR = {2003},
    NUMBER = {2},
     PAGES = {575--620},
      ISSN = {0003-486X},
     CODEN = {ANMAAH},
   MRCLASS = {58H05 (17B37 17B99 22A22 53D17)},
  MRNUMBER = {1973056},
MRREVIEWER = {Johannes Huebschmann},
       DOI = {10.4007/annals.2003.157.575},
       URL = {http://dx.doi.org/10.4007/annals.2003.157.575},
}
@book {MR1738431,
    AUTHOR = {Duistermaat, J. J. and Kolk, J. A. C.},
     TITLE = {Lie groups},
    SERIES = {Universitext},
 PUBLISHER = {Springer-Verlag, Berlin},
      YEAR = {2000},
     PAGES = {viii+344},
      ISBN = {3-540-15293-8},
   MRCLASS = {22Exx (22-01 22C05 43-01)},
  MRNUMBER = {1738431},
MRREVIEWER = {Aloysius Helminck},
       DOI = {10.1007/978-3-642-56936-4},
       URL = {http://dx.doi.org/10.1007/978-3-642-56936-4},
}
@book {MR2244115,
    AUTHOR = {Kock, Anders},
     TITLE = {Synthetic differential geometry},
    SERIES = {London Mathematical Society Lecture Note Series},
    VOLUME = {333},
   EDITION = {Second},
 PUBLISHER = {Cambridge University Press, Cambridge},
      YEAR = {2006},
     PAGES = {xii+233},
      ISBN = {978-0-521-68738-6; 0-521-68738-1},
   MRCLASS = {51K10 (03G30 18F15 58A05)},
  MRNUMBER = {2244115},
       DOI = {10.1017/CBO9780511550812},
       URL = {http://dx.doi.org/10.1017/CBO9780511550812},
}
@book {MR0448362,
    AUTHOR = {Hirsch, Morris W.},
     TITLE = {Differential topology},
      NOTE = {Graduate Texts in Mathematics, No. 33},
 PUBLISHER = {Springer-Verlag, New York-Heidelberg},
      YEAR = {1976},
     PAGES = {x+221},
   MRCLASS = {57DXX (58-01)},
  MRNUMBER = {0448362},
MRREVIEWER = {Ulrich Koschorke},
}
@book {MR2954043,
    AUTHOR = {Lee, John M.},
     TITLE = {Introduction to smooth manifolds},
    SERIES = {Graduate Texts in Mathematics},
    VOLUME = {218},
   EDITION = {Second},
 PUBLISHER = {Springer, New York},
      YEAR = {2013},
     PAGES = {xvi+708},
      ISBN = {978-1-4419-9981-8},
   MRCLASS = {58-01 (53-01 57-01)},
  MRNUMBER = {2954043},
}
@article {MR796353,
    AUTHOR = {Bruno, Oscar P.},
     TITLE = {Logical opens of exponential objects},
   JOURNAL = {Cahiers Topologie G\'eom. Diff\'erentielle Cat\'eg.},
  FJOURNAL = {Cahiers de Topologie et G\'eom\'etrie Diff\'erentielle
              Cat\'egoriques},
    VOLUME = {26},
      YEAR = {1985},
    NUMBER = {3},
     PAGES = {311--323},
      ISSN = {0008-0004},
   MRCLASS = {58A05 (18B25)},
  MRNUMBER = {796353},
MRREVIEWER = {Marta C. Bunge},
}
@article {MR1055025,
    AUTHOR = {Dubuc, Eduardo J.},
     TITLE = {Germ representability and local integration of vector fields
              in a well adapted model of {SDG}},
   JOURNAL = {J. Pure Appl. Algebra},
  FJOURNAL = {Journal of Pure and Applied Algebra},
    VOLUME = {64},
      YEAR = {1990},
    NUMBER = {2},
     PAGES = {131--144},
      ISSN = {0022-4049},
     CODEN = {JPAAA2},
   MRCLASS = {18F15 (58A99)},
  MRNUMBER = {1055025},
MRREVIEWER = {Kimmo I. Rosenthal},
       DOI = {10.1016/0022-4049(90)90152-8},
       URL = {http://dx.doi.org/10.1016/0022-4049(90)90152-8},
}
@article {MR866615,
    AUTHOR = {Dubuc, Eduardo J.},
     TITLE = {Logical opens and real numbers in topoi},
   JOURNAL = {J. Pure Appl. Algebra},
  FJOURNAL = {Journal of Pure and Applied Algebra},
    VOLUME = {43},
      YEAR = {1986},
    NUMBER = {2},
     PAGES = {129--143},
      ISSN = {0022-4049},
     CODEN = {JPAAA2},
   MRCLASS = {18B25 (03G30 14A99)},
  MRNUMBER = {866615},
MRREVIEWER = {F. E. J. Linton},
       DOI = {10.1016/0022-4049(86)90091-5},
       URL = {http://dx.doi.org/10.1016/0022-4049(86)90091-5},
}
@article {MR609161,
    AUTHOR = {Penon, Jacques},
     TITLE = {Infinit\'esimaux et intuitionnisme},
      NOTE = {Third Colloquium on Categories (Amiens, 1980), Part II},
   JOURNAL = {Cahiers Topologie G\'eom. Diff\'erentielle},
  FJOURNAL = {Cahiers de Topologie et G\'eom\'etrie Diff\'erentielle},
    VOLUME = {22},
      YEAR = {1981},
    NUMBER = {1},
     PAGES = {67--72},
      ISSN = {0008-0004},
     CODEN = {CTGDBR},
   MRCLASS = {51K10 (03G30 18B20 58A05)},
  MRNUMBER = {609161},
MRREVIEWER = {Gavin Wraith},
}
@article {MR2213027,
    AUTHOR = {Kock, Anders and Reyes, Gonzalo E.},
     TITLE = {Ordinary differential equations and their exponentials},
   JOURNAL = {Cent. Eur. J. Math.},
  FJOURNAL = {Central European Journal of Mathematics},
    VOLUME = {4},
      YEAR = {2006},
    NUMBER = {1},
     PAGES = {64--81},
      ISSN = {1895-1074},
   MRCLASS = {34A26 (18B25 51K10)},
  MRNUMBER = {2213027},
       DOI = {10.1007/s11533-005-0005-2},
       URL = {http://dx.doi.org/10.1007/s11533-005-0005-2},
}
@book{2000JACKolkandJJDuistermaat44,
year = {2000},
id = {44},
title = {Lie Groups},
uniquestr = {2000jackolkandjjduistermaatliegroups},
publisher = {Springer-Verlag},
author = {J. A. C. Kolk and J.J. Duistermaat},
}
@article{2006HsianHuaTsengandChenchangZhu22,
number = {1},
year = {2006},
id = {22},
title = {Integrating Lie algebroids via stacks},
pages = {251-270},
uniquestr = {2006hsianhuatsengandchenchangzhuintegratingliealgebroidsviastacks},
journal = {Composito Mathematica},
volume = {142},
author = {Hsian-Hua Tseng and Chenchang Zhu},
}
@article{2003MariusCrainicandRuiLojaFernandes28,
number = {2},
year = {2003},
id = {28},
title = {Integrability of Lie brackets},
pages = {575-620},
uniquestr = {2003mariuscrainicandruilojafernandesintegrabilityofliebrackets},
journal = {Annals of Mathematics},
volume = {157},
author = {Marius Crainic and Rui Loja Fernandes},
}

@article{1981EduardoJDubuc80,
number = {4},
year = {1981},
id = {80},
title = {C$^{\infty}$-Schemes},
pages = {683-690},
uniquestr = {1981eduardojdubuccinftyschemes},
journal = {American Journal of Mathematics},
volume = {103},
publisher = {Johns Hopkins University Press},
author = {Eduardo J. Dubuc},
}
@article{1990EduardoJDubuc27,
year = {1990},
id = {27},
title = {Germ Representability and Local Integration of Vector Fields in a Well Adapted Model of SDG},
pages = {131-144},
uniquestr = {1990eduardojdubucgermrepresentabilityandlocalintegrationofvectorfieldsinawelladaptedmodelofsdg},
journal = {Journal of Pure and Applied Algebra},
volume = {64},
author = {Eduardo J. Dubuc},
}

@incollection{1987BungeMartaandDubucEduardoJ131,
series = {Lecture Notes in Pure and Appl. Math.},
year = {1987},
id = {131},
title = {Local concepts in synthetic differential geometry and germ
representability},
pages = {93--159},
uniquestr = {1987bungemartaanddubuceduardojlocalconceptsinsyntheticdifferentialgeometryandgermrepresentability},
volume = {106},
publisher = {Dekker, New York},
author = {Bunge, Marta and Dubuc, Eduardo J.},
booktitle = {Mathematical logic and theoretical computer science ({C}ollege
{P}ark, {M}d., 1984--1985)},
}
@article {MR798526,
    AUTHOR = {Jacques Penon},
     TITLE = {De l'infinit\'esimal au local},
      NOTE = {Th{\`e}se de doctorat d'{\'e}tat, Universit{\'e} de Paris VII,
              Paris, 1985},
   JOURNAL = {Diagrammes},
    VOLUME = {13},
      YEAR = {1985},
     PAGES = {iv+191},
}
